@incollection{adamsonJuxtaposingComparativeEducation2019,
  title = {Juxtaposing {{Comparative Education}} and {{Teacher Education}}},
  booktitle = {Encyclopedia of {{Teacher Education}}},
  author = {Adamson, Bob},
  editor = {Peters, Michael A.},
  year = {2019},
  pages = {1--5},
  publisher = {Springer Singapore},
  address = {Singapore},
  doi = {10.1007/978-981-13-1179-6_307-1},
  urldate = {2023-04-27},
  isbn = {9789811311796},
  langid = {english}
}

@incollection{akrichDescriptionTechnicalObject1992,
  title = {The {{Description}} of {{Technical Object}}},
  booktitle = {Shaping {{Technology}}/{{Building Society}}},
  author = {Akrich, M.},
  editor = {Bijker, W. E. and Law, J.},
  year = {1992},
  pages = {205--224},
  publisher = {MIT Press},
  address = {Cambridge, MA}
}

@incollection{alkemeyerBefahigenPraxistheoretischeUberlegungen2017,
  title = {Bef{\"a}higen. {{Praxistheoretische {\"U}berlegungen}} zur {{Subjektivierung}} von {{Mitspielf{\"a}higkeit}}},
  booktitle = {Pierre {{Bourdieu}}: {{P{\"a}dagogische Lekt{\"u}ren}}},
  author = {Alkemeyer, Thomas and Buschmann, Nikolaus},
  editor = {{Rieger-Ladich}, Markus and Grabau, Christian},
  year = {2017},
  pages = {271--297},
  publisher = {Springer VS},
  address = {Wiesbaden}
}

@incollection{alkemeyerLearningPracticesEnablement2017,
  title = {Learning in and across {{Practices}} -- {{Enablement}} and {{Subjectivation}}},
  booktitle = {The {{Nexus}} of {{Practices}} -- Connections, Constellations, Practitioners},
  author = {Alkemeyer, T. and Buschmann, N.},
  editor = {Hui, A. and Schatzki, T.R. and Shove, Elizabeth},
  year = {2017},
  pages = {8--23},
  publisher = {Routledge},
  address = {London}
}

@incollection{allertBildungAlsProduktive2017,
  title = {Bildung als produktive {{Verwicklung}}},
  booktitle = {Digitalit{\"a}t und {{Selbst}} - {{Interdisziplin{\"a}re Perspektiven}} aus {{Subjektivierungs-}} und {{Bildungsprozesse}}},
  author = {Allert, Heidrun and Asmussen, Michael},
  editor = {Allert, Heidrun and Asmussen, Michael and Richter, Christoph},
  year = {2017},
  pages = {27--69},
  publisher = {transcript},
  address = {Bielefeld}
}

@incollection{baackeMedienkompetenzBegrifflichkeitUnd1996,
  title = {Medienkompetenz -- {{Begrifflichkeit}} und sozialer {{Wandel}}},
  booktitle = {Medienkompetenz als {{Schl{\"u}sselbegriff}}},
  author = {Baacke, D.},
  editor = {{von Rein}, Antje},
  year = {1996},
  pages = {112--124},
  publisher = {Klinkhardt},
  address = {Bad Heilbrunn}
}

@article{bickhardSocialOntologyConvention2008,
  title = {Social {{Ontology}} as {{Convention}}},
  author = {Bickhard, Mark H.},
  year = {2008},
  month = jul,
  journal = {Topoi},
  volume = {27},
  number = {1-2},
  pages = {139--149},
  issn = {0167-7411, 1572-8749},
  doi = {10.1007/s11245-008-9036-1},
  urldate = {2021-12-22},
  langid = {english},
  file = {/Users/CR/Zotero/storage/RZHTUUNM/Bickhard - 2008 - Social Ontology as Convention.pdf}
}

@incollection{bickhardSocialOntologyPersons2003,
  title = {The {{Social Ontology}} of {{Persons}}},
  booktitle = {Social {{Interaction}} and the {{Development}} of {{Knowledge}}},
  author = {Bickhard, Mark H.},
  editor = {Carpendale, J.I.M. and M{\"u}ller, U.},
  year = {2003},
  pages = {111--132},
  publisher = {Lawrence Erlbaum}
}

@article{blohRekonstruktiveEvaluationsforschungIm2022,
  title = {Rekonstruktive {{Evaluationsforschung}} im {{Kontext}} praxeologischer {{Kompetenzdiskurse}}. {{Kritische Reflexionen}} und konzeptionelle {{{\"U}berlegungen}} zur {{dokumentarischen Evaluationsforschung}}},
  author = {Bloh, Tobias},
  year = {2022},
  journal = {Zeitschrift f{\"u}r Evaluation},
  volume = {21},
  number = {2},
  pages = {193--215}
}

@article{bolinHeuristicsAlgorithmBig2015,
  title = {Heuristics of the algorithm: {{Big Data}}, user interpretation and institutional translation},
  author = {Bolin, G{\"o}ran and Schwarz, Jonas Anderson},
  year = {2015},
  journal = {Big Data \& Society},
  number = {July-December},
  pages = {1--12}
}

@book{brandesNonIntentionalDesign2006,
  title = {{Non intentional design}},
  editor = {Brandes, Uta and Erlhoff, Michael},
  year = {2006},
  publisher = {Daab},
  address = {K{\"o}ln},
  isbn = {978-3-937718-93-4},
  langid = {ger eng fre spa ita},
  annotation = {OCLC: 180889641},
  file = {/Users/CR/Zotero/storage/YXDMJGZU/Brandes und Erlhoff - 2006 - Non intentional design.pdf}
}

@techreport{brindaFrankfurtDreieckZurBildung2019,
  title = {Frankfurt-{{Dreieck}} zur {{Bildung}} in der digitalen {{Welt}}},
  author = {Brinda, Torsten and Br{\"u}ggen, Niels and Diethelm, Ira and Knaus, Thomas and Kommer, Sven and Kopf, Christine and Missomelius, Petra and Leschke, Rainer and Tilemann, Friederike and Weich, Andreas},
  year = {2019}
}

@book{canguilhemKnowledgeLife2008,
  title = {Knowledge of {{Life}}},
  author = {Canguilhem, Georges},
  editor = {Marrati, Paola and Meyers, Todd},
  year = {2008},
  publisher = {Fordham University Press},
  address = {New York}
}

@inproceedings{carrollCompletingDesignUse2004,
  title = {Completing design in use: Closing the appropriation cycle},
  booktitle = {Proceedings of the {{Twelfth European Conference}} on {{Information Systems}}, {{Turku School}} of {{Economics}} and {{Business Administration}}},
  author = {Carroll, J.},
  year = {2004},
  pages = {337--347},
  address = {Turku, Finland.}
}

@article{carvalhoLegitimatingDesignSociology2009,
  title = {Legitimating design: A sociology of knowledge account of the field},
  shorttitle = {Legitimating Design},
  author = {Carvalho, Lucila and Dong, Andy and Maton, Karl},
  year = {2009},
  month = sep,
  journal = {Design Studies},
  volume = {30},
  number = {5},
  pages = {483--502},
  issn = {0142694X},
  doi = {10.1016/j.destud.2008.11.005},
  urldate = {2020-09-23},
  langid = {english}
}

@article{coyKulturenNichtBetreten2008,
  title = {{Kulturen -- nicht betreten? Anmerkungen zur "Kulturtechnik Informatik``}},
  shorttitle = {{Kulturen -- nicht betreten?}},
  author = {Coy, Wolfgang},
  year = {2008},
  month = feb,
  journal = {Informatik-Spektrum},
  volume = {31},
  number = {1},
  pages = {30--34},
  issn = {0170-6012, 1432-122X},
  doi = {10.1007/s00287-007-0207-z},
  urldate = {2021-03-21},
  langid = {ngerman}
}

@article{danderMachtDatenZur2014,
  title = {Von der {\guilsinglleft}{{Macht}} der {{Daten}}{\guilsinglright} zur {\guilsinglleft}{{Gemachtheit}} von {{Daten}}{\guilsinglright}. {{Praktische Datenkritik}} als {{Gegenstand}} der {{Medienp{\"a}dagogik}}},
  author = {Dander, Valentin},
  year = {2014},
  journal = {Mediale Kontrolle unter Beobachtung},
  volume = {3},
  number = {1},
  pages = {0--21}
}

@article{darvinYouthTechnologyHidden2019,
  title = {Youth, {{technology}}, and the {{hidden curriculum}} of the 21st {{century}}},
  author = {Darvin, Ron},
  year = {2019},
  month = dec,
  journal = {Youth and Globalization},
  volume = {1},
  number = {2},
  pages = {210--229},
  issn = {2589-5737, 2589-5745},
  doi = {10.1163/25895745-00102002},
  urldate = {2022-01-10},
  abstract = {Recognizing that youth are socialized into specific digital practices in unequal ways, this paper asserts that the way technology and new literacies are positioned in schools can potentially marginalize youth of lower social class positions. It argues that students who are not equipped with the economic, cultural, and social resources necessary to acquire digital practices valued by the knowledge economy may not be able to participate agentively in networked publics, nor gain the literacies for the new work order. By focusing on technology as a tool rather than as an object of study, schools can fail to equip less-resourced youth with the competences that will help them acquire cultural and social capital. The fetishization of educational technology and the lack of structured digital literacy instruction can constitute a hidden curriculum that provides a semblance of being technologically integrated, but ultimately reproduces social inequalities.}
}

@incollection{deasyNonAssumptiveResearch172,
  title = {Non-{{Assumptive Research}}},
  booktitle = {Design {{Research}} -- {{Methods}} and {{Perspectives}}},
  author = {Deasy, Dorothy},
  editor = {Laurel, Brenda},
  year = {0172/0174},
  publisher = {MIT Press}
}

@article{decuypereResearchingEducationalApps2019,
  title = {Researching educational apps: ecologies, technologies, subjectivities and learning regimes},
  shorttitle = {Researching Educational Apps},
  author = {Decuypere, Mathias},
  year = {2019},
  month = oct,
  journal = {Learning, Media and Technology},
  volume = {44},
  number = {4},
  pages = {414--429},
  issn = {1743-9884, 1743-9892},
  doi = {10.1080/17439884.2019.1667824},
  urldate = {2021-08-16},
  langid = {english},
  file = {/Users/CR/Zotero/storage/4BEVGACK/Decuypere - 2019 - Researching educational apps ecologies, technolog.pdf}
}

@incollection{delitzGilbertSimondonsTheorie2012,
  title = {Gilbert {{Simondons Theorie}} der sozialen >>{{Form}}<<},
  booktitle = {Das {{Design}} der {{Gesellschaft}} - {{Zur Kultursoziologie}} des {{Designs}}},
  author = {Delitz, Heike},
  editor = {Moebius, Stephan and Prinz, Sophia},
  year = {2012},
  pages = {109--130},
  publisher = {transcript},
  address = {Bielefeld}
}

@incollection{dieterDarkPatternsInterface2015,
  title = {Dark {{Patterns}}: {{Interface Design}}, {{Augmentation}} and {{Crisis}}},
  booktitle = {Postdigital {{Aesthetics}}},
  author = {Dieter, Michael},
  editor = {Berry, David M. and Dieter, Michael},
  year = {2015},
  pages = {164--178},
  publisher = {Palgrave Macmillan UK},
  address = {London},
  doi = {10.1057/9781137437204_2},
  urldate = {2022-04-22},
  isbn = {978-1-349-49378-4 978-1-137-43720-4},
  langid = {english}
}

@article{edwardsSoftwareHiddenCurriculum2015,
  title = {Software and the hidden curriculum in digital education},
  author = {Edwards, Richard},
  year = {2015},
  month = apr,
  journal = {Pedagogy, Culture \& Society},
  volume = {23},
  number = {2},
  pages = {265--279},
  issn = {1468-1366, 1747-5104},
  doi = {10.1080/14681366.2014.977809},
  urldate = {2022-01-10},
  langid = {english},
  file = {/Users/CR/Zotero/storage/C27C8QSF/Edwards - 2015 - Software and the hidden curriculum in digital educ.pdf}
}

@incollection{fengThinkingDesignCritical2008,
  title = {Thinking {{About Design}} - {{Critical Theory}} of {{Technology}} and the {{Design Process}}},
  booktitle = {Philosophy and {{Design}}},
  author = {Feng, Patrick and Feenberg, Andrew},
  editor = {Kroes, Peter and Vermaas, Pieter E. and Light, Andrew and Moore, Steven A.},
  year = {2008},
  pages = {105--118},
  publisher = {Springer Netherlands},
  address = {Dordrecht},
  doi = {10.1007/978-1-4020-6591-0},
  urldate = {2020-09-21},
  isbn = {978-1-4020-6590-3 978-1-4020-6591-0},
  langid = {english}
}

@book{fenwickEmergingApproachesEducational2011,
  title = {Emerging {{Approaches}} to {{Educational Research}} - {{Tracing}} the Sociomaterial},
  author = {Fenwick, Tara and Edwards, Richard and Sawchuck, Peter},
  year = {2011},
  publisher = {Routledge},
  address = {Milton Park}
}

@inproceedings{floydAutooperationaleFormUnd1997,
  title = {Autooperationale {{Form}} und situiertes {{Handeln}}},
  booktitle = {Cognitio {{Humana}} - {{XVII}}. {{Deutscher Kongre{\ss}}} F{\"u}r {{Philosophie}}},
  author = {Floyd, Christiane},
  year = {1997},
  pages = {237--252},
  publisher = {Akademie Verlag},
  address = {Leipzig},
  doi = {10.1515/9783050073651}
}

@incollection{floydDevelopingEmbeddingAutoOperational2002,
  title = {Developing and {{Embedding Auto-Operational Form}}},
  booktitle = {Social {{Thinking}} - {{Software Practice}}},
  author = {Floyd, Christiane},
  editor = {Dittrich, Yvonne and Floyd, Christiane and Klischewski, Ralf},
  year = {2002},
  pages = {5--28},
  publisher = {MIT Press},
  address = {Cambridge}
}

@inproceedings{floydModellierungHandgriffZur1998,
  title = {Modellierung -- Ein {{Handgriff}} zur {{Wirklichkeit}}},
  booktitle = {Modellierung '98},
  author = {Floyd, Christiane and Klischewski, Ralf},
  editor = {Pohl, K. and Sch{\"u}rr, A. and Vossen, G.},
  year = {1998},
  pages = {21--26},
  address = {M{\"u}nster}
}

@article{forschlerZurAmbivalentenWirkmachtigkeit2021,
  title = {Zur (ambivalenten) {{Wirkm{\"a}chtigkeit}} datengetriebener {{Lernplattformen}}: {{Eine Analyse}} des <<{{Antolin}}>>-{{Lesef{\"o}rderungsprogramms}}},
  shorttitle = {Zur (Ambivalenten) {{Wirkm{\"a}chtigkeit}} Datengetriebener {{Lernplattformen}}},
  author = {F{\"o}rschler, Annina and Hartong, Sigrid and Kramer, Anouschka and {Meister-Scheytt}, Claudia and Junne, Jaromir},
  year = {2021},
  month = oct,
  journal = {MedienP{\"a}dagogik: Zeitschrift f{\"u}r Theorie und Praxis der Medienbildung},
  volume = {44},
  pages = {52--72},
  issn = {1424-3636},
  doi = {10.21240/mpaed/44/2021.10.28.X},
  urldate = {2021-11-15},
  abstract = {Mit einer Nutzung in {\"u}ber 85\% der Grundschulen z{\"a}hlt Antolin zu den in Deutschland beliebtesten digitalen Lernplattformen zur F{\"o}rderung von Lesekompetenz. Auch weil Antolin hierbei in zunehmendem Masse direkt in schulweite digitale Infrastrukturen (Schulinformationssysteme) integriert wird, kann es als wirkm{\"a}chtiges Element der wachsenden <<Datengetriebenheit>> von Schule verstanden werden, wurde aber bislang kaum als solches kritisch reflektiert. Diese Forschungsl{\"u}cke m{\"o}chte der vorliegende Beitrag schliessen, indem er die Plattform als Erzeugung einer designbasierten, datafizierten und datafizierenden Form digitaler Bildungswelt in den Blick nimmt. W{\"a}hrend die Plattform dabei einerseits erst aus dem vermittelten Zusammenspiel unterschiedlichster Praktiken (von Buchverlagen, Lehrpersonen, Sch{\"u}lerinnen und Sch{\"u}lern etc.) hervorgebracht wird, so erzeugt sie andererseits ein relationales, von Daten und Algorithmen gepr{\"a}gtes Gesamtgef{\"u}ge, welches die genannten Praktiken auf spezifische Weise (un-)sichtbar, (un-)bedeutsam, (un-)m{\"o}glich und unterschiedlich wertvoll macht. Gleichwohl wird Antolin je nach Kontext sehr unterschiedlich adaptiert, justiert und an bestehende Praktiken angeschlossen, sodass sich hier wiederum eine Vielzahl m{\"o}glicher <<Wirkungen>> entfalten. Insgesamt, so soll dieser Beitrag zeigen, ist es dieses spezifische Zusammenspiel von Regulierung und kontinuierlicher Kontextualisierung, welches in Zukunft sowohl konzeptuell-methodisch als auch empirisch besser greifbar gemacht werden muss, um eine kritisch-bewusste Einsch{\"a}tzung und Gestaltung digitaler Lern- bzw. Datenplattformen als Kernmechanismus zunehmend <<datengetriebener>> Schule zu erm{\"o}glichen.},
  file = {/Users/CR/Zotero/storage/X8KJQN6B/Förschler et al. - 2021 - Zur (ambivalenten) Wirkmächtigkeit datengetriebene.pdf}
}

@article{gershonMediaIdeologiesIntroduction2010,
  title = {Media {{Ideologies}}: {{An Introduction}}},
  author = {Gershon, Ilana},
  year = {2010},
  journal = {Journal of Linguistic Anthropology},
  volume = {20},
  number = {2},
  pages = {283--293},
  doi = {10.1111/j.1548-1395.2010.01070.x}
}

@article{giessmannWasIstDatenkritik2014,
  title = {Was ist {{Datenkritik}}? {{Zur Einf{\"u}hrung}}},
  author = {Gie{\ss}mann, Sebastian and Burkhardt, Markus},
  year = {2014},
  journal = {Mediale Kontrolle unter Beobachtung},
  volume = {3},
  number = {1},
  pages = {0--13}
}

@incollection{gitelmanIntroduction2013,
  title = {Introduction},
  booktitle = {,,{{Raw Data}}`` {{Is}} an {{Oxymoron}}},
  author = {Gitelman, Lisa and Jackson, Virginia},
  editor = {Gitelman, Lisa},
  year = {2013},
  pages = {1--14},
  publisher = {MIT Press},
  address = {Cambridge}
}

@book{greenbergSketchingUserExperiences2012,
  title = {Sketching user experiences},
  author = {Greenberg, Saul and Carpendale, Sheelagh and Marquardt, Nicolai and Buxton, William},
  year = {2012},
  publisher = {Elsevier/Morgan Kaufmann},
  address = {Amsterdam Boston},
  abstract = {"In Sketching user experiences: The Workbook, you will learn, through step-by-step instructions and exercises, various sketching methods that will let you express your design ideas about user experiences across time. Collectively, these methods will be your sketching repertoire: a toolkit where you can choose the method most appropriate for developing your ideas, which will help you cultivate a culture of experience-based design and critique in your workplace."--Back cover},
  isbn = {978-0-12-381959-8},
  langid = {english},
  lccn = {005.437}
}

@incollection{greifMinimaleInformationsUnd1998,
  title = {Minimale {{Informations-}} und {{Leittexte}}},
  booktitle = {Handbuch {{Selbst-organisiertes Lernen}}},
  author = {Greif, S.},
  editor = {Greif, S. and Kurtz, H.-J.},
  year = {1998},
  edition = {2. Aufl.},
  pages = {255--266},
  publisher = {Verlag f{\"u}r Angewandte Psychologie}
}

@incollection{haeusslingZurRolleEntwuerfen2016,
  title = {{Zur Rolle von Entw{\"u}rfen, Zeichnungen und Modellen im Konstruktionsprozess von Ingenieuren. Eine theoretische Skizze}},
  booktitle = {{Manifestationen im Entwurf: Design - Architektur - Ingenieurwesen}},
  author = {H{\"a}u{\ss}ling, Roger},
  editor = {Schmitz, Thomas H. and H{\"a}u{\ss}ling, Roger and Mareis, Claudia and Groninger, Hannah},
  year = {2016},
  series = {{Design}},
  number = {Band 30},
  pages = {27--64},
  publisher = {transcript},
  address = {Bielefeld},
  abstract = {"Den im Entwurfsprozess entwickelten Artefakten wird ebenso wie den Dingen unserer gestalteten Welt noch zu wenig {\"o}ffentliche und wissenschaftliche Aufmerksamkeit geschenkt. Der Band behandelt die epistemische Rolle der im Entwerfen entstehenden Manifestationen, die Intentionen, Methoden und kreativen Prozesse lesbar machen. Die Beitr{\"a}ge {\"u}ber und aus Design, Architektur und Ingenieurwesen stellen eine interdisziplin{\"a}re Bestandsaufnahme dar, um nach einer neuen disziplinen{\"u}bergreifenden Perspektive des Entwerfens im Spannungsfeld von analogen und digitalen Planungs- und Technisierungsprozessen zu fragen."--},
  isbn = {978-3-8376-3160-9 978-3-8394-3160-3},
  langid = {german},
  annotation = {OCLC: 909057408}
}

@book{heintzHerrschaftRegelZur1993,
  title = {Die {{Herrschaft}} der {{Regel}}: Zur {{Grundlagengeschichte}} des {{Computers}}},
  shorttitle = {Die {{Herrschaft}} Der {{Regel}}},
  author = {Heintz, Bettina},
  year = {1993},
  publisher = {Campus},
  address = {Frankfurt ; New York},
  isbn = {978-3-593-34860-5},
  lccn = {QA76.5 .H4455 1993},
  keywords = {Computers}
}

@book{herczegSoftwareergonomie2005,
  title = {Softwareergonomie},
  author = {Herczeg, M.},
  year = {2005},
  edition = {2. vollst. {\"u}berarb. Aufl.},
  publisher = {Oldenbourg Verlag},
  address = {M{\"u}nchen}
}

@book{highsmithAgileProjectManagement2004,
  title = {Agile project management: Creating innovative products},
  shorttitle = {Agile Project Management},
  author = {Highsmith, James A.},
  year = {2004},
  series = {Agile Software Development Series},
  publisher = {Addison-Wesley},
  address = {Boston},
  isbn = {978-0-321-21977-0},
  lccn = {QA76.758 .H54 2004},
  keywords = {Agile project management,Agile software development,Management,Software engineering}
}

@article{hoelOntologicalForceTechnicity2013,
  title = {The {{Ontological Force}} of {{Technicity}}: {{Reading Cassirer}} and {{Simondon Diffractively}}},
  shorttitle = {The {{Ontological Force}} of {{Technicity}}},
  author = {Hoel, Aud Sissel and {van der Tuin}, Iris},
  year = {2013},
  month = jun,
  journal = {Philosophy \& Technology},
  volume = {26},
  number = {2},
  pages = {187--202},
  issn = {2210-5433, 2210-5441},
  doi = {10.1007/s13347-012-0092-5},
  urldate = {2021-01-02},
  langid = {english},
  file = {/Users/CR/Zotero/storage/M2X9Z8MS/Hoel und van der Tuin - 2013 - The Ontological Force of Technicity Reading Cassi.pdf}
}

@book{horningExpertenAlltags2001,
  title = {Experten des {{Alltags}}},
  author = {H{\"o}rning, Karl H.},
  year = {2001},
  publisher = {Velbr{\"u}ck},
  address = {Weilerswist}
}

@incollection{horningSozialePraxisZwischen2004,
  title = {Soziale {{Praxis}} zwischen {{Beharrung}} und {{Neusch{\"o}pfung}}. {{Ein Erkenntnis-}} und {{Theorieproblem}}},
  booktitle = {Doing {{Culture}} -- {{Neue Positionen}} zum {{Verh{\"a}ltnis}} von {{Kultur}} und sozialer {{Praxis}}},
  author = {H{\"o}rning, Karl H.},
  editor = {H{\"o}rning, Karl H. and Reuter, Julia},
  year = {2004},
  pages = {19--39},
  publisher = {transcript},
  address = {Bielefeld}
}

@article{houkesOntologyArtefactsHard2006,
  title = {The ontology of artefacts: The hard problem},
  shorttitle = {The ontology of artefacts},
  author = {Houkes, Wybo and Meijers, Anthonie},
  year = {2006},
  month = mar,
  journal = {Studies in History and Philosophy of Science Part A},
  volume = {37},
  number = {1},
  pages = {118--131},
  issn = {00393681},
  doi = {10.1016/j.shpsa.2005.12.013},
  urldate = {2020-11-05},
  langid = {english}
}

@incollection{huggerMedienkompetenz2022,
  title = {Medienkompetenz},
  booktitle = {Handbuch {{Medienp{\"a}dagogik}}},
  author = {Hugger, Kai-Uwe},
  editor = {Sander, Uwe and {von Gross}, Friederike and Hugger, Kai-Uwe},
  year = {2022},
  pages = {67--80},
  publisher = {VS Verlag f{\"u}r Sozialwissenschaften},
  address = {Wiesbaden}
}

@article{huiWhatDigitalObject2012,
  title = {What is a digital object?},
  author = {Hui, Y},
  year = {2012},
  journal = {Metaphilosophy},
  volume = {43},
  number = {4},
  pages = {380--395}
}

@incollection{humbertInformatikUbergreifendeEinzigartige2002,
  title = {Informatik -- {\"U}bergreifende, einzigartige {{Metawissenschaft}}? {{{\"U}berlegungen}} und fachdidaktischer {{Kontext}}},
  booktitle = {Forschungsbeitr{\"a}ge zur ,,{{Didaktik}} der {{Informatik}}`` - {{Theorie}}, {{Praxis}}, {{Evaluation}}},
  author = {Humbert, L.},
  editor = {Schubert, S.E. and Magenheim, J. and Hubwieser, P. and Brinda, T.},
  year = {2002},
  pages = {109--118},
  publisher = {Gesellschaft f{\"u}r Informatik e.V.},
  address = {Bonn}
}

@incollection{ihdeDesignerFallacyTechnological2008,
  title = {The {{Designer Fallacy}} and {{Technological Imagination}}},
  booktitle = {Philosophy and {{Design}}},
  author = {Ihde, Don},
  editor = {Kroes, Peter and Vermaas, Pieter E. and Light, Andrew and Moore, Steven A.},
  year = {2008},
  pages = {51--59},
  publisher = {Springer Netherlands},
  address = {Dordrecht},
  doi = {10.1007/978-1-4020-6591-0},
  urldate = {2020-09-21},
  isbn = {978-1-4020-6590-3 978-1-4020-6591-0},
  langid = {english}
}

@incollection{jonasDesignResearchIts2007,
  title = {Design {{Research}} and its {{Meaning}} to the {{Methodological Development}} of the {{Discipline}}},
  booktitle = {Design {{Research Now}}},
  author = {Jonas, Wolfgang},
  editor = {Michel, Ralf},
  year = {2007},
  month = dec,
  pages = {187--206},
  publisher = {DE GRUYTER},
  doi = {10.1007/978-3-7643-8472-2_11},
  urldate = {2021-11-30},
  isbn = {978-3-7643-8471-5},
  file = {/Users/CR/Zotero/storage/KUMPBF6Q/Jonas - 2007 - Design Research and its Meaning to the Methodologi.pdf}
}

@book{jonesDesignMethods1970,
  title = {Design Methods},
  author = {Jones, J. Christopher},
  year = {1970},
  publisher = {Van Nostrand Reinhold},
  address = {New York}
}

@incollection{jorissenMedienbildungBegriffsverstandnisseUnd2011,
  title = {"{{Medienbildung}}". {{Begriffsverst{\"a}ndnisse}} und {{Reichweiten}}.},
  booktitle = {Medienbildung und {{Medienkompetenz}}. {{Beitr{\"a}ge}} zu {{Schl{\"u}sselbegriffen}} der {{Medienp{\"a}dagogik}}},
  author = {J{\"o}rissen, Benjamin},
  editor = {Moser, H. and Grell, P. and Niesyto, H.},
  year = {2011},
  pages = {211--235},
  publisher = {Kopaed},
  address = {M{\"u}nchen}
}

@misc{jorissenMedienbildungSatzen2013,
  type = {Blog},
  title = {Medienbildung in 5 {{S{\"a}tzen}}},
  author = {J{\"o}rissen, Benjamin},
  year = {2013},
  month = jun,
  journal = {Education \& Culture},
  urldate = {2022-04-15}
}

@article{jorissenSubjektivationUndAsthetische2018,
  title = {Subjektivation und {\"a}sthetische {{Bildung}} in der post-digitalen {{Kultur}}},
  author = {J{\"o}rissen, Benjamin},
  year = {2018},
  journal = {Vierteljahresschrift f{\"u}r wissenschaftliche P{\"a}dagogik},
  volume = {94},
  number = {1},
  pages = {51--70}
}

@article{jornitzsieglindeMitAntolinPunkten2018,
  title = {{Mit Antolin punkten oder: Wie sich mit dem Lesef{\"o}rderprogramm der Bock zum G{\"a}rtner macht}},
  shorttitle = {{Mit Antolin punkten oder}},
  author = {Jornitz, Sieglinde and Leser, Christoph},
  year = {2018},
  journal = {P{\"a}dagogische Korrespondenz},
  volume = {57},
  pages = {55--73},
  publisher = {:null},
  doi = {10.25656/01:21100},
  urldate = {2022-04-16},
  abstract = {The authors of the article analyse the software platform Antolin, that is very famous in German schools and should help to support reading literacy of students. But instead of liberating the student from using the platform, it ties them to the product and works therefore against the pedagogical aim of educating a mature subject. (DIPF/Autor).},
  copyright = {Deutsches Urheberrecht},
  langid = {ngerman},
  keywords = {Achievement measurement,Achievement test,Assessment,Bewertung,Computer program,Computerprogramm,Didaktik,Digital Media,Digitale Medien,Digitalisierung,Digitalization,Judgement,Judgment,Leistungsbeurteilung,Lesef{\"o}rderung,Lesen,Motivation,Promotion of reading,Pupil,Pupil Evaluation,Pupils,Qualit{\"a}t,Quality,Sch{\"u}ler,Software,Support for reading improvement,Training method,Unterrichtsmaterial}
}

@incollection{kalthoffEinleitungMaterialitatKultur2016,
  title = {Einleitung: {{Materialit{\"a}t}} in {{Kultur}} und {{Gesellschaft}}},
  booktitle = {Materialit{\"a}t - {{Herausforderungen}} f{\"u}r die {{Sozial-}} und {{Kulturwissenschaften}}},
  author = {Kalthoff, Herbert and Cress, Torsten and R{\"o}hl, Tobias},
  editor = {Kalthoff, Herbert and Cress, Torsten and R{\"o}hl, Tobias},
  year = {2016},
  pages = {11--41},
  publisher = {Wilhelm Fink},
  address = {Paderborn},
  keywords = {Materialit{\"a}t}
}

@incollection{kammerlEnkulturationshilfenDigitalenGesellschaft2014,
  title = {Enkulturationshilfen in der digitalen {{Gesellschaft Diskurse}} als/oder {{Orientierung}}?},
  booktitle = {Diskursive und produktive {{Praktiken}} in der digitalen {{Kultur}}},
  author = {Kammerl, R.},
  editor = {Kammerl, R. and Unger, A. and Grell, P. and Hug, T.},
  year = {2014},
  series = {Jahrbuch {{Medienp{\"a}dagogik}}},
  number = {11},
  pages = {15--33},
  publisher = {Springer},
  address = {Wiesbaden}
}

@techreport{kellerSemantischeProzessmodellierungAuf1992,
  title = {Semantische {{Proze{\ss}modellierung}} auf der {{Grundlage}} "{{Ereignisgesteuerter Proze{\ss}ketten}} ({{EPK}})"},
  author = {Keller, G. and N{\"u}ttgens, M. and Scheer, A.-W.},
  year = {1992},
  number = {89},
  institution = {Universit{\"a}t des Saarlandes}
}

@book{klafkiNeueStudienZur2007,
  title = {Neue {{Studien}} zur {{Bildungstheorie}} und {{Didaktik}}: {{Zeitgem{\"a}{\ss}e Allgemeinbildung}} und kritisch-konstruktive {{Didaktik}}},
  author = {Klafki, W.},
  year = {2007},
  edition = {6. Aufl.},
  publisher = {Beltz},
  address = {Weinheim}
}

@book{kollerGrundbegriffeTheorienUnd2021,
  title = {{Grundbegriffe, Theorien und Methoden der Erziehungswissenschaft: Eine Einf{\"u}hrung}},
  shorttitle = {{Grundbegriffe, Theorien und Methoden der Erziehungswissenschaft}},
  author = {Koller, Hans-Christoph},
  year = {2021},
  series = {{Urban-Taschenb{\"u}cher}},
  edition = {9. Aufl},
  number = {480},
  publisher = {Kohlhammer},
  address = {Stuttgart},
  langid = {german}
}

@inproceedings{krippendorffProductSemanticsTriangulation1989,
  title = {Product Semantics: {{A}} Triangulation and Four Design Theories},
  booktitle = {Product Semantic '89},
  author = {Krippendorff, Klaus},
  editor = {V{\"a}kev{\"a}, Seppo},
  year = {1989},
  publisher = {University of Industrial Arts},
  address = {Helsinki}
}

@techreport{kultusministerkonferenzBildungDigitalenWelt2016,
  title = {Bildung in der digitalen {{Welt}} - {{Strategie}} der {{Kultusministerkonferenz}}},
  author = {Kultusministerkonferenz},
  year = {2016},
  address = {Berlin},
  urldate = {2022-04-16}
}

@techreport{kultusministerkonferenzLehrenUndLernen2021,
  title = {Lehren und {{Lernen}} in der digitalen {{Welt}} - {{Die}} erg{\"a}nzenden {{Empfehlungen}} zur {{Strategie}} {\guilsinglright}{{Bildung}} in der digitalen {{Welt}}{\guilsinglleft}},
  author = {Kultusministerkonferenz},
  year = {2021},
  address = {Berlin},
  urldate = {2022-04-16}
}

@incollection{kutscherDiskussionsfelderMedienpaedagogikMedien2021,
  title = {{Diskussionsfelder der Medienp{\"a}dagogik: Medien und soziale Ungleichheit}},
  shorttitle = {{Diskussionsfelder der Medienp{\"a}dagogik}},
  booktitle = {{Handbuch Medienp{\"a}dagogik}},
  author = {Kutscher, Nadia and Iske, Stefan},
  editor = {Sander, Uwe and {von Gross}, Friederike and Hugger, Kai-Uwe},
  year = {2021},
  pages = {1--12},
  publisher = {Springer Fachmedien Wiesbaden},
  address = {Wiesbaden},
  doi = {10.1007/978-3-658-25090-4_80-1},
  urldate = {2022-08-07},
  isbn = {978-3-658-25090-4},
  langid = {ngerman}
}

@article{lawsonOntologyTechnologyArtefacts2008,
  title = {An {{Ontology}} of {{Technology}}: {{Artefacts}}, {{Relations}} and {{Functions}}},
  author = {Lawson, Clive},
  year = {2008},
  journal = {Techn{\'e}: Research in Philosophy and Technology},
  volume = {12},
  number = {1},
  pages = {48--64}
}

@article{lehmanProgramsLifeCycles1980,
  title = {Programs, {{life cycles}}, and {{laws}} of {{software evolution}}},
  author = {Lehman, Meir M.},
  year = {1980},
  journal = {Proceedings of the IEEE},
  volume = {68},
  number = {9},
  pages = {1060--1076}
}

@article{lightWalkthroughMethodApproach2018,
  title = {The walkthrough method: {{An}} approach to the study of apps},
  author = {Light, Ben and Burgess, Jean and Duguay, Stefanie},
  year = {2018},
  journal = {New Media \& Society},
  volume = {20},
  number = {3},
  pages = {881--900}
}

@article{lochEnkulturationAlsAnthropologischer1968,
  title = {Enkulturation als anthropologischer {{Grundbegriff}} der {{P{\"a}dagogik}}},
  author = {Loch, Werner},
  year = {1968},
  journal = {Bildung und Erziehung},
  volume = {21},
  pages = {161--178}
}

@inproceedings{lowgrenApplyingDesignMethodology1995,
  title = {Applying {{design methodology}} to {{software development}}},
  booktitle = {{{DIS}}'95},
  author = {L{\"o}wgren, J.},
  year = {1995},
  pages = {87--95},
  publisher = {ACM Press},
  address = {New York, NY}
}

@article{mackenzieProblematisingTechnologicalObject2005,
  title = {Problematising the {{Technological}}: {{The Object}} as {{Event}}?},
  shorttitle = {Problematising the {{Technological}}},
  author = {Mackenzie, Adrian},
  year = {2005},
  month = oct,
  journal = {Social Epistemology},
  volume = {19},
  number = {4},
  pages = {381--399},
  issn = {0269-1728, 1464-5297},
  doi = {10.1080/02691720500145589},
  urldate = {2021-01-29},
  langid = {english},
  file = {/Users/CR/Zotero/storage/MG9CM553/Mackenzie - 2005 - Problematising the Technological The Object as Ev.pdf}
}

@book{manovichLanguageNewMedia2001,
  title = {The Language of New Media},
  author = {Manovich, Lev},
  year = {2001},
  series = {Leonardo},
  publisher = {MIT Press},
  address = {Cambridge, Mass.},
  isbn = {978-0-262-63255-3 978-0-262-13374-6},
  langid = {english},
  annotation = {OCLC: 231923976},
  file = {/Users/CR/Zotero/storage/R2BPWYZS/Manovich - 2001 - The language of new media.pdf}
}

@incollection{meyerBildungNeuenMediums2014,
  title = {Die {{Bildung}} des (neuen) {{Mediums}} -- {{Mediologische Perspektiven}} der {{Medienbildung}}},
  booktitle = {Perspektiven der {{Medienbildung}}},
  author = {Meyer, Torsten},
  editor = {Marotzki, W. and Meder, N.},
  year = {2014},
  pages = {149--170},
  publisher = {Springer VS},
  address = {Wiesbaden}
}

@book{milesQualitativeDataAnalysis1994,
  title = {Qualitative {{Data Analysis}}},
  author = {Miles, Matthew B. and Huberman, A. Michael},
  year = {1994},
  edition = {2nd. ed.},
  publisher = {Sage},
  address = {Thousand Oaks}
}

@misc{ministeriumfurbildungwissenschaftundkulturdeslandesschleswig-holsteinErganzungenFachanforderungenMedienkompetenz2018,
  title = {Erg{\"a}nzungen zu den {{Fachanforderungen Medienkompetenz}} - {{Lernen}} mit digitalen {{Medien}}},
  author = {{Ministerium f{\"u}r Bildung, Wissenschaft und Kultur des Landes Schleswig-Holstein}},
  year = {2018},
  publisher = {Schmid \& Klaunig}
}

@book{mitchamThinkingTechnologyPath1994,
  title = {Thinking through {{Technology}}: {{The Path}} between {{Engineering}} and {{Philosophy}}},
  author = {Mitcham, Carl},
  year = {1994},
  publisher = {University of Chicago Press},
  address = {Chicago}
}

@incollection{munte-goussarMedienbildungSchulkulturUnd2016,
  title = {Medienbildung, {{Schulkultur}} und {{Subjektivierung}}},
  booktitle = {Medien -- {{Wissen}} -- {{Bildung}}: {{Medienbildung}} Wozu?},
  author = {{M{\"u}nte-Goussar}, S.},
  editor = {Hug, T. and Kohn, T. and Missomelius, Petra},
  year = {2016},
  pages = {73--93},
  publisher = {Innsbruck University Press},
  address = {Innsbruck}
}

@article{nakeAlgorithmischeZeichen2001,
  title = {Das algorithmische {{Zeichen}}},
  author = {Nake, Frieder},
  year = {2001},
  journal = {GI Jahrestagung},
  volume = {2},
  pages = {736--742}
}

@article{oelkersHistorizitatPadagogischerGegenstande2012,
  title = {Die {{Historizit{\"a}t}} p{\"a}dagogischer {{Gegenst{\"a}nde}}},
  author = {Oelkers, J.},
  year = {2012},
  journal = {Zeitschrift f{\"u}r P{\"a}dagogik, Beiheft},
  volume = {58},
  pages = {32--49}
}

@article{orlikowskiUsingTechnologyConstituting2000,
  title = {Using {{Technology}} and {{Constituting Structures}}: {{A Practice Lens}} for {{Studying Technology}} in {{Organizations}}},
  author = {Orlikowski, Wanda J.},
  year = {2000},
  journal = {Organization Science},
  volume = {11},
  number = {4},
  pages = {404--428}
}

@incollection{othmerUndNochPaar2016,
  title = {Und noch ein paar {{S{\"a}tze}} mehr{\dots} {{Anmerkungen}} zu ``{{Medienbildung}} in 5 {{S{\"a}tzen}}''},
  booktitle = {Medien -- {{Wissen}} -- {{Bildung}}: {{Medienbildung}} Wozu?},
  author = {Othmer, Julius and Weich, Andreas},
  editor = {Hug, T. and Kohn, T. and Missomelius, Petra},
  year = {2016},
  pages = {95--104},
  publisher = {innsbruck university press},
  address = {Innsbruck}
}

@book{pahlKonstruktionslehreGrundlagenErfolgreicher2007,
  title = {{Konstruktionslehre: Grundlagen erfolgreicher Produktentwicklung; Methoden und Anwendung}},
  shorttitle = {{Konstruktionslehre}},
  editor = {Pahl, Gerhard and Beitz, Wolfgang and Feldhusen, J{\"o}rg and Grote, Karl-Heinrich},
  year = {2007},
  series = {{Springer-Lehrbuch}},
  edition = {7. Aufl.},
  publisher = {Springer},
  address = {Berlin},
  isbn = {978-3-540-34060-7 978-3-540-34061-4},
  langid = {german},
  annotation = {OCLC: 180142316},
  file = {/Users/CR/Zotero/storage/GK253FFC/Pahl et al. - 2007 - Konstruktionslehre Grundlagen erfolgreicher Produ.pdf}
}

@book{papanekDesignFurReale2009,
  title = {Design f{\"u}r die reale {{Welt}}},
  author = {Papanek, Victor},
  year = {2009},
  publisher = {Springer},
  address = {Wien}
}

@article{rabe-maticevicMedienbildungHochschuleHandlungsorientierte2020,
  title = {Medienbildung in der {{Hochschule}}. {{Handlungsorientierte Medienbildung}} im {{Kontext}} der transformatorischen und kritisch-konstruktiven {{Bildungstheorie}} und -Didaktik},
  author = {{Rabe-Mati{\v c}evi{\'c}}, Sandra and Veith, Stefanie},
  year = {2020},
  journal = {MedienP{\"a}dagogik},
  volume = {39},
  pages = {103--120},
  doi = {doi.org/10.21240/mpaed/39/2020.12.07.X.}
}

@incollection{rammertTechnik2010,
  title = {Technik},
  booktitle = {Enzyklop{\"a}die {{Philosophie}}},
  author = {Rammert, Werner},
  editor = {Sandk{\"u}hler, Hans-J{\"o}rg},
  year = {2010},
  pages = {2697--2708},
  publisher = {Meiner},
  address = {Hamburg}
}

@book{rammertTechnikAusSoziologischer1993,
  title = {Technik aus soziologischer {{Perspektive}}},
  shorttitle = {Forschungsstand, {{Theorieans{\"a}tze}}, {{Fallbeispiele}}},
  author = {Rammert, Werner},
  year = {1993},
  publisher = {Westdt. Verl},
  address = {Opladen},
  isbn = {978-3-531-12421-6},
  file = {/Users/CR/Zotero/storage/UBRDSNUL/Rammert und Rammert - 1993 - Forschungsstand, Theorieansätze, Fallbeispiele e..pdf}
}

@book{rechenbergInformatikHandbuch2002,
  title = {{Informatik-Handbuch}},
  editor = {Rechenberg, Peter and Pomberger, Gustav},
  year = {2002},
  edition = {3., aktualisierte und erw. Aufl},
  publisher = {Hanser},
  address = {M{\"u}nchen},
  isbn = {978-3-446-21842-0},
  langid = {german},
  annotation = {OCLC: 76366966},
  file = {/Users/CR/Zotero/storage/87WGPLUZ/Rechenberg und Pomberger - 2002 - Informatik-Handbuch.pdf}
}

@article{richterBildungSchnittstelleKultureller2020,
  title = {Bildung an der {{Schnittstelle}} von kultureller {{Praxis}} und digitaler {{Kulturtechnik}}},
  author = {Richter, Christoph and Allert, Heidrun},
  year = {2020},
  month = dec,
  journal = {MedienP{\"a}dagogik: Zeitschrift f{\"u}r Theorie und Praxis der Medienbildung},
  volume = {39},
  pages = {13--31},
  issn = {1424-3636, 1424-3636},
  doi = {10.21240/mpaed/39/2020.12.02.X},
  urldate = {2020-12-15}
}

@inproceedings{richterMinimalActivityPlans,
  title = {Minimal {{Activity Plans}}: {{Artifacts}} for {{Self-Organized Learning}} within {{Organizations}}},
  booktitle = {{{WM2005}}},
  author = {Richter, Christoph and Allert, Heidrun and Nejdl, Wolfgang},
  pages = {166--169},
  publisher = {Gesellschaft f{\"u}r Informatik},
  address = {Bonn}
}

@book{riederEnginesOrderMechanology2020,
  title = {Engines of Order: A Mechanology of Algorithmic Techniques},
  author = {Rieder, Bernhard},
  year = {2020},
  publisher = {Amsterdam University Press},
  address = {Amsterdam},
  isbn = {978-94-6298-619-0},
  langid = {english},
  annotation = {OCLC: 1237747575}
}

@article{rittelPlanningCrisisSystems1972,
  title = {On the Planning Crisis: {{Systems}} Analysis of the 'first and Second Generations'},
  author = {Rittel, Horst},
  year = {1972},
  journal = {Bedrifts{\o}konomen},
  volume = {8},
  pages = {390--396}
}

@book{rossonUsabilityEngineeringScenariobased2002,
  title = {Usability Engineering: Scenario-Based Development of Human Computer Interaction},
  shorttitle = {Usability Engineering},
  author = {Rosson, Mary Beth and Carroll, John Millar},
  year = {2002},
  series = {The {{Morgan Kaufmann}} Series in Interactive Technologies},
  publisher = {Morgan Kaufmann},
  address = {San Francisco (Calif.)},
  isbn = {978-1-55860-712-5},
  langid = {english},
  lccn = {004.019}
}

@article{schatzkiMaterialitySocialLife2010,
  title = {Materiality and {{social life}}},
  author = {Schatzki, Theodore R.},
  year = {2010},
  journal = {Nature \& Culture},
  volume = {5},
  number = {2},
  pages = {123--149}
}

@incollection{schatzkiPrimerPracticesTheory2012,
  title = {A primer on practices: {{Theory}} and research},
  booktitle = {Practice-based education},
  author = {Schatzki, Theodore R.},
  editor = {Higgs, Joy and Barnett, Ronald and Billett, Stephen and Hutchings, Maggie and Trede, Franziska},
  year = {2012},
  pages = {13--26},
  publisher = {Sense Publisher},
  address = {New York, NY}
}

@book{schelhoweTechnologieImaginationUnd2007,
  title = {Technologie, {{Imagination}} und {{Lernen}} - {{Grundlagen}} f{\"u}r {{Bildungsprozesse}} mit {{digitalen Medien}}},
  author = {Schelhowe, Heidi},
  year = {2007},
  publisher = {Waxmann},
  address = {M{\"u}nster}
}

@book{sesinkMenschlicheUndKunstliche2012,
  title = {Menschliche und k{\"u}nstliche {{Intelligenz}} - {{Der}} kleine {{Unterschied}}},
  author = {Sesink, Werner},
  year = {2012},
  edition = {Re-Edition der Printfassung Stuttgart 1993}
}

@book{shoveDesignEverydayLife2007,
  title = {The {{design}} of {{everyday life}}},
  author = {Shove, Elizabeth and Watson, Matthew and Hand, M. and Ingram, Jack},
  year = {2007},
  publisher = {Berg},
  address = {Oxford}
}

@book{shoveDynamicsSocialPractice2012,
  title = {The {{dynamics}} of {{social practice}} - {{Everyday life}} and how it {{changes}}},
  author = {Shove, Elizabeth and Pantzar, Mika and Watson, Matt},
  year = {2012},
  publisher = {Sage},
  address = {Los Angeles}
}

@incollection{shoveMattersPractice2017,
  title = {Matters of practice},
  booktitle = {The {{nexus}} of {{practices}} -- Connections, constellations, practitioners},
  author = {Shove, Elizabeth},
  editor = {Hui, A. and Schatzki, T.R. and Shove, Elizabeth},
  year = {2017},
  pages = {155--168},
  publisher = {Routledge},
  address = {London}
}

@book{simondonExistenzweiseTechnischerObjekte2012,
  title = {Die {{Existenzweise}} technischer {{Objekte}}},
  author = {Simondon, Gilbert},
  year = {2012},
  edition = {2. Aufl.},
  publisher = {diaphanes},
  address = {Z{\"u}rich}
}

@techreport{iec23822015InformationTechnologyVocabulary2015,
  title = {2382:2015 Information technology -- {{Vocabulary}}},
  author = {ISO/IEC},
  year = {2015}
}

@incollection{stalderWasIstDigitalitaet2021,
  title = {{Was ist Digitalit{\"a}t?}},
  booktitle = {{Was ist Digitalit{\"a}t? Philosophische und p{\"a}dagogische Perspektiven}},
  author = {Stalder, Felix},
  editor = {{Hauck-Thum}, Uta and Noller, J{\"o}rg},
  year = {2021},
  series = {{Digitalit{\"a}tsforschung / Digitality research}},
  pages = {3--7},
  publisher = {J.B. Metzler},
  address = {Berlin [Heidelberg]},
  isbn = {978-3-662-62989-5 978-3-662-62988-8},
  langid = {german}
}

@book{stalderKulturDigitalitat2016,
   title = {Kultur der {{Digitalit{\"a}t}}},
   author = {Stalder, Felix},
   year = {2016},
   publisher = {Suhrkamp},
   address = {Berlin}
}

@misc{vangUserJourneyUser2018,
  title = {User {{journey}} v. {{user flow}}},
  author = {Vang, Dan},
  year = {2018},
  month = apr,
  journal = {Medium}
}

@article{verstandigZeroLevelDigitalDivide2016,
  title = {Zero-{{Level Digital Divide}}: {{Neues Netz}} und neue {{Ungleichheiten}}},
  author = {Verst{\"a}ndig, Dan and Klein, Alexandra and Iske, Stefan},
  year = {2016},
  journal = {Si:So. Analysen -- Berichte -- Kontroversen},
  volume = {21},
  number = {1},
  pages = {50--55}
}

@misc{westermanngruppeAntolinProgrammZur2022,
  type = {Prospekt},
  title = {Antolin - {{Das Programm}} zur {{Lesef{\"o}rderung}}},
  author = "{Westermann Gruppe}",
  year = {2022},
  urldate = {2022-04-16},
  howpublished = {https://antolin.westermann.de/all/downloads/antolin\_prospekt.pdf}
}

@book{wirthAlgorithmsDataStructures1976,
  title = {Algorithms + Data Structures=programs},
  author = {Wirth, Niklaus},
  year = {1976},
  series = {Prentice-{{Hall}} Series in Automatic Computation},
  publisher = {Prentice-Hall},
  address = {Englewood Cliffs, N.J},
  isbn = {978-0-13-022418-7},
  lccn = {QA76.6 .W56},
  keywords = {Computer algorithms,Computer programming,Data structures (Computer science)}
}

@article{woodhouseDesignSocietyScience2004,
  title = {Design by {{society}}: {{Science}} and {{technology studies}} and the {{social shaping}} of {{design}}},
  author = {Woodhouse, Edward and Patton, Jason W.},
  year = {2004},
  journal = {Design Issues},
  volume = {20},
  number = {3},
  pages = {1--12}
}

@article{zamenopoulosAnticipatoryViewDesign2007,
  title = {Towards an anticipatory view of design},
  author = {Zamenopoulos, Theodore and Alexiou, Katerina},
  year = {2007},
  month = jul,
  journal = {Design Studies},
  volume = {28},
  number = {4},
  pages = {411--436},
  issn = {0142694X},
  doi = {10.1016/j.destud.2007.04.001},
  urldate = {2020-06-13},
  langid = {english}
}

@incollection{zornSelbstWeltUnd2014,
  title = {{Selbst-, Welt- und Technologieverh{\"a}ltnisse im Umgang mit digitalen Medien}},
  booktitle = {{Perspektiven der Medienbildung}},
  author = {Zorn, Isabel},
  editor = {Marotzki, Winfried and Meder, Norbert},
  year = {2014},
  pages = {91--120},
  publisher = {Springer Fachmedien Wiesbaden},
  address = {Wiesbaden},
  doi = {10.1007/978-3-658-03529-7_5},
  urldate = {2021-02-01},
  isbn = {978-3-658-03528-0 978-3-658-03529-7},
  langid = {ngerman}
}
